<?xml version="1.0" encoding="utf-8"?>
<record xmlns="http://www.loc.gov/MARC21/slim" xmlns:xsi="http://www.w3.org/2001/XMLSchema-instance" xsi:schemaLocation="http://www.loc.gov/MARC21/slim http://www.loc.gov/standards/marcxml/schema/MARC21slim.xsd">
	<leader>     nam a22     Mi 4500</leader>
	<controlfield tag="001">b12377375</controlfield>
	<controlfield tag="003">LeBAU</controlfield>
	<controlfield tag="006">m        d        </controlfield>
	<controlfield tag="007">cr cn |||m|||a</controlfield>
	<controlfield tag="008">190821s1921    sy      o     ||0 0 ara d</controlfield>
	<datafield ind1=" " ind2=" " tag="040">
		<subfield code="a">ZYU</subfield>
		<subfield code="b">ara</subfield>
		<subfield code="e">rda</subfield>
		<subfield code="c">ZYU</subfield>
	</datafield>
	<datafield ind1="0" ind2="4" tag="082">
		<subfield code="a">297.8</subfield>
		<subfield code="2">22</subfield>
	</datafield>
	<datafield ind1="1" ind2=" " tag="100">
		<subfield code="6">880-01</subfield>
		<subfield code="a">Maydānī, Abū al-Yasār al-Dimashqī,</subfield>
		<subfield code="e">author.</subfield>
	</datafield>
	<datafield ind1="1" ind2="0" tag="245">
		<subfield code="6">880-02</subfield>
		<subfield code="a">Naẓrah fī risālat al-Nafḥah al-Zakīyah fi al-radd ʻalá shubah al-firqah al-Wahhābīyah /</subfield>
		<subfield code="c">muʼallifuhā Abū al-Yasār al-Dimashqī al-Maydānī.</subfield>
	</datafield>
	<datafield ind1="3" ind2="0" tag="246">
		<subfield code="6">880-03</subfield>
		<subfield code="a">Risālat al-Nafḥah al-Zakīyah fi al-radd ʻalá shubah al-firqah al-Wahhābīyah</subfield>
	</datafield>
	<datafield ind1=" " ind2="1" tag="264">
		<subfield code="6">880-04</subfield>
		<subfield code="a">[Dimashq] :</subfield>
		<subfield code="b">Maṭbaʻat al-Taraqqī,</subfield>
		<subfield code="c">1340 [H.], [1921? M.]</subfield>
	</datafield>
	<datafield ind1=" " ind2=" " tag="300">
		<subfield code="6">880-05</subfield>
		<subfield code="a">online resource (33 pages)</subfield>
	</datafield>
	<datafield ind1=" " ind2=" " tag="336">
		<subfield code="a">text</subfield>
		<subfield code="2">rdacontent</subfield>
	</datafield>
	<datafield ind1=" " ind2=" " tag="337">
		<subfield code="a">computer</subfield>
		<subfield code="2">rdamedia</subfield>
	</datafield>
	<datafield ind1=" " ind2=" " tag="338">
		<subfield code="a">online resource</subfield>
		<subfield code="2">rdacarrier</subfield>
	</datafield>
	<datafield ind1=" " ind2=" " tag="500">
		<subfield code="a">Part of the Arabic Collections Online (ACO) project, contributed by American University of Beirut's Jafet Memorial Library.</subfield>
	</datafield>
	<datafield ind1=" " ind2=" " tag="533">
		<subfield code="a">Electronic reproduction.</subfield>
		<subfield code="b">New York, N.Y. :</subfield>
		<subfield code="c">New York University,</subfield>
		<subfield code="d">2019.</subfield>
		<subfield code="5">NNU</subfield>
	</datafield>
	<datafield ind1="1" ind2="4" tag="600">
		<subfield code="a">الإسكندراني، عبد القادر محمد سليم الكيلاني.</subfield>
		<subfield code="t">النفحة الزكية في الرد على شبه الفرقة الوهابية.</subfield>
	</datafield>
	<datafield ind1="1" ind2="0" tag="600">
		<subfield code="a">Iskandarānī, ʻAbd al-Qādir ibn Muḥammad Salīm al-Kīlānī.</subfield>
		<subfield code="t">Nafḥah al-Zakīyah fi al-radd ʻalá shubah al-firqah al-Wahhābīyah.</subfield>
	</datafield>
	<datafield ind1=" " ind2="4" tag="650">
		<subfield code="a">الوهابية</subfield>
		<subfield code="v">الأدب الجدلي.</subfield>
	</datafield>
	<datafield ind1=" " ind2="4" tag="650">
		<subfield code="a">الفرق الإسلامية</subfield>
		<subfield code="v">الأدب الجدلي.</subfield>
	</datafield>
	<datafield ind1=" " ind2="0" tag="650">
		<subfield code="a">Wahhābīyah</subfield>
		<subfield code="x">Controversial literature.</subfield>
	</datafield>
	<datafield ind1=" " ind2="0" tag="650">
		<subfield code="a">Islamic sects</subfield>
		<subfield code="v">Controversial literature.</subfield>
	</datafield>
	<datafield ind1="2" ind2=" " tag="710">
		<subfield code="a">Jafet Memorial Library.</subfield>
	</datafield>
	<datafield ind1="0" ind2=" " tag="730">
		<subfield code="a">Arabic Collections Online.</subfield>
	</datafield>
	<datafield ind1="0" ind2="8" tag="776">
		<subfield code="i">Print version:</subfield>
		<subfield code="a">Maydānī, Abū al-Yasār al-Dimashqī, author.</subfield>
		<subfield code="t">Naẓrah fī risālat al-Nafḥah al-Zakīyah fi al-radd ʻalá shubah al-firqah al-Wahhābīyah</subfield>
		<subfield code="w">(LeBAU)b12377375</subfield>
	</datafield>
	<datafield ind1="0" ind2=" " tag="787">
		<subfield code="6">880-06</subfield>
		<subfield code="i">is critique of (work)</subfield>
		<subfield code="4">http://rdaregistry.info/Elements/w/P10182:</subfield>
		<subfield code="a">Iskandarānī, ʻAbd al-Qādir ibn Muḥammad Salīm al-Kīlānī.</subfield>
		<subfield code="t">Nafḥah al-Zakīyah fi al-radd ʻalá shubah al-firqah al-Wahhābīyah.</subfield>
		<subfield code="d">Dimashq : Maṭbaʻt al-Fayḥāʼ, [between 1900 and 1960?]</subfield>
		<subfield code="w">(OCoLC)784289380</subfield>
		<subfield code="w">(OCoLC)784289380</subfield>
	</datafield>
	<datafield ind1="4" ind2="0" tag="856">
		<subfield code="u">http://hdl.handle.net/2333.1/t1g1k5h2</subfield>
	</datafield>
	<datafield ind1="1" ind2=" " tag="880">
		<subfield code="6">100-01</subfield>
		<subfield code="a">الميداني، ابو اليسار الدمشقي،</subfield>
		<subfield code="e">مؤلف. </subfield>
		<subfield code="4">aut.</subfield>
	</datafield>
	<datafield ind1="1" ind2="0" tag="880">
		<subfield code="6">245-02</subfield>
		<subfield code="a">نظرة في رسالة النفحة الزكية في الرد على شبه الفرقة الوهابية /</subfield>
		<subfield code="c">مؤلفها أبو اليسار الدمشقي الميداني.</subfield>
	</datafield>
	<datafield ind1="3" ind2="0" tag="880">
		<subfield code="6">246-03</subfield>
		<subfield code="a">رسالة النفحة الزكية في الرد على شبه الفرقة الوهابية</subfield>
	</datafield>
	<datafield ind1=" " ind2="1" tag="880">
		<subfield code="6">264-04</subfield>
		<subfield code="a">[دمشق] :</subfield>
		<subfield code="b">مطبعة الترقي،</subfield>
		<subfield code="c">1340 [هـ.]، [1921؟ م.]</subfield>
	</datafield>
	<datafield ind1=" " ind2=" " tag="880">
		<subfield code="6">300-05</subfield>
		<subfield code="a">33 صفحة ؛</subfield>
		<subfield code="c">23 سم</subfield>
	</datafield>
	<datafield ind1="0" ind2=" " tag="880">
		<subfield code="6">787-06</subfield>
		<subfield code="i">نقد (عمل)</subfield>
		<subfield code="4">http://rdaregistry.info/Elements/w/P10182:</subfield>
		<subfield code="a">الإسكندراني، عبد القادر محمد سليم الكيلاني.</subfield>
		<subfield code="t">النفحة الزكية في الرد على شبه الفرقة الوهابية.</subfield>
		<subfield code="d">دمشق : مطبعة الفيحاء، [ما بين 1900 و 1960؟]</subfield>
		<subfield code="w">b12377363</subfield>
		<subfield code="w">(OCoLC)784289380</subfield>
	</datafield>
	<datafield ind1=" " ind2=" " tag="959">
		<subfield code="a">NNU</subfield>
		<subfield code="b">WEB</subfield>
		<subfield code="c">GENI</subfield>
		<subfield code="t">0</subfield>
		<subfield code="m">Electronic access</subfield>
		<subfield code="s">01</subfield>
	</datafield>
	<datafield ind1=" " ind2=" " tag="999">
		<subfield code="i">LeBAU_b12377375</subfield>
		<subfield code="s">aub_aco002479</subfield>
		<subfield code="e">(ERROR-MISC)</subfield>
	</datafield>
</record>
